A250027               SECRET.DA FAZENDA DO237BANCO BRADESCO S/A  2016070400331903                                                                                           
G0000000000000000000020160629201606308569000000200200027521618016000000020000000000000002002000000950000000123702623300039645294            1         
Z00000300000000000020020                                                                                                                              