A2500027              SEC.DA FAZ.TO-DARE  104CAIXA ECON. FEDERAL 20160630070444041                                                              163230
G      201606301611162016063000000000856000000004824002723316002028004022947308690000000048240000000000000011829    1000892                 1        0
G      201606301612242016063000000000856000000173366002722316303018840522938805060000001733660000000000000021829    1000894                 1        0
G      201606301628112016063000000000856200000011100002723316002028510222944118010000000111000000000000000033459    2000863147              1        0
G      201606301629322016063000000000856300000008384002723316002028511722944118010000000083840000000000000043459    2000863927              1        0
G      201606301626472016063000000000856000000037094002723316002029664422946790900000000370940000000000000053863    3000862374              1        0
G      201606301601502016063000000000856600000005700002723316002029328222940534170000000057000000000000000063738    5000844224933           1        0
G      201606301604152016063000000000856800000065397002722316303029650538162813710000000653970000000000000071116    5000845322898           1        0
G      201606301609542016063000000000856800000047300002721216006003582322906037810000000473000000000000000081141    5000846221746           1        0
G      201606301557532016063000000000856500000010035002723316002028976422943932850000000100350000000000000091141    5000846530869           1        0
G      201606301602092016063000000000856100000020000002723316002029445522907593070000000200000000000000000101116    5000846631688           1        0
G      201606301610082016063000000000856100000058621002723316002029382022944808700000000586210000000000000111141    5000846857052           1        0
G      201606301602152016063000000000856300000003754002723316002027535322946574950000000037540000000000000123939    5000846933352           1        0
G      201606301602522016063000000000856400000005127002723316002027023922946574950000000051270000000000000133939    5000846933354           1        0
G      201606301604172016063000000000856700000008872002723316002027021922946574950000000088720000000000000143939    5000846933358           1        0
G      201606301604532016063000000000856700000003213002723316002027088422946574950000000032130000000000000153939    5000846933360           1        0
G      201606301557382016063000000000856600000008240002723316002029608922935931750000000082400000000000000161141    5000848541934           1        0
G      201606301558522016063000000000856300000001240002723316002029609322935931750000000012400000000000000171141    5000848541938           1        0
G      201606301559202016063000000000856300000006400002723316002029609522935931750000000064000000000000000181141    5000848541940           1        0
G      201606301600172016063000000000856000000003810002723316002029609722935931750000000038100000000000000191141    5000848541942           1        0
G      201606301600492016063000000000856500000001860002723316002029610022935931750000000018600000000000000201141    5000848541944           1        0
G      201606301605022016063000000000856800000059589002722316303029649338162813710000000595890000000000000211116    5000850130101           1        0
G      201606301558052016063000000000856600000003660002723316002029609022935931750000000036600000000000000221141    5000848541936           1        0
G      201606301603422016063000000000856800000003501002723316002027022822946574950000000035010000000000000233939    5000846933356           1        0
G      201606301558232016063000000000856400000032743002723316002028980022943932850000000327430000000000000241141    5000846530871           1        0
G      201606301602282016063000000000856600000007864002722316303029651536186450110000000078640000000000000251116    5000845322894           1        0
G      201606301558192016063000000000856400000020320002722316303029520322940142760000000203200000000000000261829    5000844818410           1        0
G      201606301611542016063000000000856900000002616002723316002028004822947308690000000026160000000000000271829    1000893                 1        0
Z00002900000000000614630                                                                                                                              
