A2500174              SEFAZ/TO-REC.TRIBUTA104CAIXA ECON. FEDERAL 20160630079732041                                                              163230
G      201606301619092016063000000000856000000001140017413316002029642822934498210000000011400000000000000011737    4000300905              1        0
G      201606301620412016063000000000856900000000780017413316002029641322934498210000000007800000000000000021737    4000301859              1        0
G      201606301621342016063000000000856200000000780017413316002029639822934498210000000007800000000000000031737    4000302408              1        0
G      201606301622552016063000000000856000000000960017413316002029443630159386410000000009600000000000000044380    4000303247              1        0
G      201606301623522016063000000000856900000002940017413316002029444839063272910000000029400000000000000054380    4000303812              1        0
G      201606301624462016063000000000856500000001500017413316002029444739063272910000000015000000000000000064380    4000304368              1        0
G      201606301559212016063000000000856500000001500017412316303029660130925154500000000015000000000000000070793    5000839418878           1        0
G      201606301559462016063000000000856800000002500017412316303029528236227266780000000025000000000000000080610    5000844219483           1        0
G      201606301600042016063000000000856700000000960017413316002029653122935684480000000009600000000000000090610    5000844337053           1        0
G      201606301559012016063000000000856700000001000017412316303029655730308834410000000010000000000000000100610    5000844828138           1        0
G      201606301609052016063000000000856300000001230017413316002025450822943368690000000012300000000000000111116    5000844834257           1        0
G      201606301609272016063000000000856200000000960017413316002025455722940213960000000009600000000000000121116    5000844834259           1        0
G      201606301610442016063000000000856900000004380017413316002024580222947140140000000043800000000000000131116    5000844834263           1        0
G      201606301612152016063000000000856300000000960017413316002024666733444177830000000009600000000000000141116    5000844834268           1        0
G      201606301606362016063000000000856500000003660017413316002029657331413957020000000036600000000000000150793    5000845146171           1        0
G      201606301559222016063000000000856200000001500017412316303029655531124443760000000015000000000000000161116    5000845322888           1        0
G      201606301600322016063000000000856400000001500017412316303029655931124443760000000015000000000000000171116    5000845322890           1        0
G      201606301601312016063000000000856600000001500017412316303029657731124443760000000015000000000000000181116    5000845322892           1        0
G      201606301603162016063000000000856500000001500017412316303029656831124443760000000015000000000000000191116    5000845322896           1        0
G      201606301609052016063000000000856600000001500017412316303029659742422849200000000015000000000000000200610    5000845697943           1        0
G      201606301601362016063000000000856600000004200017435655452221604068076000000000000042000000000000000213459    5000845722354           1        0
G      201606301602162016063000000000856800000010230017435655452221603068076000000000000102300000000000000223459    5000845722356           1        0
G      201606301612052016063000000000856800000001500017412316303029663830029504310000000015000000000000000231737    5000846366889           1        0
G      201606301559522016063000000000856500000002500017413316002029510322944033020000000025000000000000000242525    5000846457360           1        0
G      201606301559072016063000000000856000000001050017435664441369106068075000000000000010500000000000000250793    5000846535753           1        0
G      201606301559512016063000000000856900000000690017435664441369105068075000000000000006900000000000000260793    5000846535755           1        0
G      201606301601432016063000000000856600000003000017413316002029445722907593070000000030000000000000000271116    5000846631686           1        0
G      201606301602352016063000000000856500000003000017413316002029449122907593070000000030000000000000000281116    5000846631690           1        0
G      201606301603022016063000000000856200000003000017413316002029449722907593070000000030000000000000000291116    5000846631692           1        0
G      201606301604462016063000000000856800000007201017413316002027119031310740210000000072010000000000000300793    5000846739974           1        0
G      201606301559052016063000000000856200000000780017413316002029602135264289510000000007800000000000000311141    5000847293742           1        0
G      201606301610382016063000000000856900000001500017412316303029663130582358710000000015000000000000000321141    5000848273525           1        0
G      201606301610592016063000000000856100000001050017413316002029644222934880100000000010500000000000000331141    5000848273527           1        0
G      201606301611182016063000000000856400000000870017413316002029646222908538770000000008700000000000000341141    5000848273529           1        0
G      201606301611562016063000000000856400000001050017413316002029649822934303730000000010500000000000000351141    5000848273533           1        0
G      201606301608162016063000000000856800000000690017435671303812101068071000000000000006900000000000000364380    5000848295435           1        0
G      201606301559382016063000000000856700000000600017413316002029596732220052510000000006000000000000000371141    5000847293744           1        0
G      201606301600082016063000000000856000000000600017413316002029598032220052510000000006000000000000000381141    5000847293746           1        0
G      201606301600392016063000000000856400000000600017413316002029599732220052510000000006000000000000000391141    5000847293748           1        0
G      201606301602352016063000000000856900000000600017413316002029593332220052510000000006000000000000000401141    5000847293754           1        0
G      201606301603022016063000000000856200000000600017413316002029591732220052510000000006000000000000000411141    5000847293756           1        0
G      201606301604052016063000000000856900000000600017413316002029589132220052510000000006000000000000000421141    5000847293760           1        0
G      201606301604342016063000000000856000000000600017413316002029588132220052510000000006000000000000000431141    5000847293762           1        0
G      201606301602102016063000000000856200000002500017412316303029629438803822010000000025000000000000000441141    5000847298028           1        0
G      201606301609082016063000000000856900000003000017412316303029038433891239210000000030000000000000000451141    5000847298037           1        0
G      201606301558502016063000000000856400000001500017412316303029642332814783910000000015000000000000000461829    5000847327554           1        0
G      201606301559412016063000000000856600000001500017412316303029646032814783910000000015000000000000000471829    5000847327556           1        0
G      201606301609332016063000000000856800000001500017412316303029664333077624410000000015000000000000000481141    5000848273521           1        0
G      201606301600332016063000000000856600000001500017412316303029648432814783910000000015000000000000000491829    5000847327558           1        0
G      201606301603392016063000000000856500000000600017413316002029590632220052510000000006000000000000000501141    5000847293758           1        0
G      201606301602072016063000000000856100000000600017413316002029600732220052510000000006000000000000000511141    5000847293752           1        0
G      201606301601322016063000000000856400000000600017413316002029600132220052510000000006000000000000000521141    5000847293750           1        0
G      201606301609152016063000000000856200000002220017412316303029566522907836150000000022200000000000000534380    5000848295437           1        0
G      201606301611372016063000000000856300000000690017413316002029648030944953110000000006900000000000000541141    5000848273531           1        0
G      201606301610062016063000000000856700000001500017412316303029663939606758610000000015000000000000000551141    5000848273523           1        0
G      201606301602302016063000000000856100000005225017413316002027004131857504820000000052250000000000000560610    5000845461856           1        0
G      201606301610172016063000000000856500000004380017413316002024579522947140140000000043800000000000000571116    5000844834261           1        0
G      201606301604242016063000000000856500000001500017412316303029656531589923310000000015000000000000000580610    5000844379552           1        0
G      201606301559422016063000000000856300000020130017413316002029649530925154500000000201300000000000000590793    5000839418880           1        0
G      201606301610032016063000000000856800000002400017412316303029551522907544880000000024000000000000000604380    5000848295439           1        0
G      201606301611302016063000000000856300000002220017412316303029559922907836150000000022200000000000000614380    5000848295443           1        0
G      201606301600062016063000000000856200000003000017413316002029053434098989680000000030000000000000000621116    5000848514632           1        0
G      201606301600332016063000000000856300000003000017413316002029049434150833780000000030000000000000000631116    5000848514634           1        0
G      201606301602142016063000000000856500000003000017413316002029594422944926660000000030000000000000000640793    5000848640025           1        0
G      201606301603122016063000000000856100000001950017413316002029657422946005820000000019500000000000000651116    5000848756812           1        0
G      201606301610032016063000000000856500000003000017412316303029663331564194520000000030000000000000000660610    5000848793051           1        0
G      201606301601382016063000000000856900000003000017413316002029354622947123720000000030000000000000000670610    5000848947811           1        0
G      201606301607402016063000000000856900000002850017435646663517117068075000000000000028500000000000000680793    5000848961225           1        0
G      201606301609122016063000000000856400000002850017435646663517112068075000000000000028500000000000000690793    5000848961227           1        0
G      201606301610212016063000000000856500000002850017435646663517111068075000000000000028500000000000000700793    5000848961229           1        0
G      201606301611242016063000000000856300000002850017435646663517113068075000000000000028500000000000000710793    5000848961231           1        0
G      201606301612192016063000000000856200000002850017435646663517114068075000000000000028500000000000000720793    5000848961233           1        0
G      201606301605072016063000000000856200000000960017413316002029650122936721800000000009600000000000000730861    5000849051426           1        0
G      201606301605292016063000000000856500000000780017413316002029651322936721800000000007800000000000000740861    5000849051428           1        0
G      201606301605502016063000000000856900000001770017413316002029654922936721800000000017700000000000000750861    5000849051430           1        0
G      201606301609362016063000000000856800000001050017435691799287134068359000000000000010500000000000000763939    5000849128415           1        0
G      201606301610522016063000000000856300000001500017412316303029663430242684810000000015000000000000000774481    5000849483227           1        0
G      201606301606552016063000000000856100000001500017412316303029658840924865900000000015000000000000000780610    5000849576510           1        0
G      201606301607452016063000000000856500000001500017412316303029660940924865900000000015000000000000000790610    5000849576512           1        0
G      201606301608292016063000000000856400000001500017412316303029662440924865900000000015000000000000000800610    5000849576514           1        0
G      201606301609392016063000000000856900000001950017413316002029644622938828000000000019500000000000000810610    5000849576520           1        0
G      201606301608092016063000000000856800000003000017413316002028971822938307110000000030000000000000000820610    5000849723003           1        0
G      201606301612202016063000000000856500000005000017412316303029491830476664010000000050000000000000000833385    5000850322003           1        0
G      201606301610252016063000000000856100000000690017413316002029658138984357610000000006900000000000000840610    5000849660115           1        0
G      201606301609162016063000000000856000000001440017413316002029640222938828000000000014400000000000000850610    5000849576518           1        0
G      201606301608572016063000000000856100000001560017413316002029643222938828000000000015600000000000000860610    5000849576516           1        0
G      201606301559442016063000000000856500000003000017413316002029054934067461880000000030000000000000000871116    5000848514630           1        0
G      201606301610472016063000000000856500000002220017412316303029559822907836150000000022200000000000000884380    5000848295441           1        0
Z00009000000000000193446                                                                                                                              