A2500174              SEFAZ/TO-REC.TRIBUTA104CAIXA ECON. FEDERAL 20160630079973041                                                              123456
G      20160630123456201606290000000085690000002002000275216180160000000200000000000000020020000000000000001237     300039645294            1        0
Z00000300000000000020020                                                                                                                              