A250316               SEFAZ TO            237BANCO BRADESCO S/A  2016070400118604                                                                     
G001 3615 14900 4    20160629201606308581000000100100316521618016000000010000000000000001001000000950000000123702623200039645293            1         
Z00000300000000000010010                                                                                                                              