A250027               SECRET.DA FAZENDA DO237BANCO BRADESCO S/A  20160704003319041                                                                                           
G0000002016063012345620160629201606308569000000200200027521620016000000020000000000000002002000000950000000123702623300039645294            1         
Z000003000000000000200200                                                                                                                              